@inproceedings{skuric2021robot,
	title        = {{On-line force capability evaluation based on efficient polytope vertex search}},
	author       = {\textbf{A. Skuric} and Padois, Vincent and Daney, David},
	year         = 2021,
	month        = May,
	booktitle    = {{ICRA 2021 - IEEE International Conference on Robotics and Automation}},
	address      = {Xi'an, China},
	url          = {https://hal.science/hal-02993408},
	pdf          = {https://hal.science/hal-02993408v2/file/root.pdf},
	hal_id       = {hal-02993408},
	hal_version  = {v2},
	keywords     = {phd, hri}
}
@article{Skuric2022human,
	title        = {{On-line feasible wrench polytope evaluation based on human musculoskeletal models: an iterative convex hull method}},
	author       = {\textbf{A. Skuric} and Padois, Vincent and Rezzoug, Nasser and Daney, David},
	year         = 2022,
	journal      = {{IEEE Robotics and Automation Letters}},
	publisher    = {{IEEE }},
	doi          = {10.1109/LRA.2022.3155374},
	url          = {https://inria.hal.science/hal-03369576},
	keywords     = {Human-Robot Collaboration ; Computational Geometry ; Modeling and Simulating Humans,phd, hri},
	pdf          = {https://inria.hal.science/hal-03369576v2/file/ICRA2022.pdf},
	hal_id       = {hal-03369576},
	hal_version  = {v2}
}
@inproceedings{Skuric2022hfr,
	title        = {{Approximating robot reachable space using convex polytopes}},
	author       = {\textbf{A. Skuric} and Padois, Vincent and Daney, David},
	year         = 2022,
	month        = Sep,
	booktitle    = {{15th International Workshop on Human-Friendly Robotics}},
	address      = {Delft, Netherlands},
	url          = {https://inria.hal.science/hal-03719885},
	keywords     = {Reachability analysis ; Convex polytopes ; Collaborative robotics,phd, reachable},
	pdf          = {https://inria.hal.science/hal-03719885v3/file/samplepaper.pdf},
	hal_id       = {hal-03719885},
	hal_version  = {v3}
}
@inproceedings{skuric2021common,
	title        = {{Common wrench capability evaluation of a human-robot collaborative system}},
	author       = {\textbf{A. Skuric} and Rezzoug, Nasser and Daney, David and Padois, Vincent},
	year         = 2021,
	month        = Oct,
	booktitle    = {{46{\`e}me Congr{\`e}s Soci{\'e}t{\'e} Biom{\'e}canique}},
	publisher    = {{Taylor \& Francis}},
	address      = {Saint Etienne, France},
	volume       = 24,
	number       = {sup1},
	pages        = {S242-S245},
	doi          = {10.1080/10255842.2021.1978758},
	url          = {https://inria.hal.science/hal-03396009},
	keywords     = {Human-robot interaction ; Collaborative robotics ; Wrench polytopes ; Musculoskeletal human model,phd, hri},
	pdf          = {https://inria.hal.science/hal-03396009/file/Human_robot_collaborative_polytopes_review_final.pdf},
	hal_id       = {hal-03396009},
	hal_version  = {v1}
}
@article{Skuric2022simplefoc,
	title        = {{SimpleFOC: A Field Oriented Control (FOC) Library for Controlling Brushless Direct Current (BLDC) and Stepper Motors}},
	author       = {\textbf{A. Skuric} and Hasan Sinan Bank and Richard Unger and Owen Williams and David González-Reyes},
	year         = 2022,
	journal      = {Journal of Open Source Software},
	publisher    = {The Open Journal},
	volume       = 7,
	number       = 74,
	pages        = 4232,
	doi          = {10.21105/joss.04232},
	url          = {https://doi.org/10.21105/joss.04232},
	keywords     = {phd_out}
}
@article{Zhen2020RWM,
	title        = {{A Recursive Watermark Method for Hard Real-Time Industrial Control System Cyber-Resilience Enhancement}},
	author       = {Song, Zhen and \textbf{A. Skuric} and Ji, Kun},
	year         = 2020,
	journal      = {IEEE Transactions on Automation Science and Engineering},
	volume       = 17,
	number       = 2,
	pages        = {1030--1043},
	doi          = {10.1109/TASE.2019.2963257},
	keywords     = {phd_out}
}
@inproceedings{skuric2023dynamics,
	title        = {{Dynamics aware Cartesian wrench polytope estimation based on human musculoskeletal models}},
	author       = {\textbf{A. Skuric} and Rezzoug, Nasser and Daney, David and Padois, Vincent},
	year         = 2023,
	month        = Oct,
	booktitle    = {{48{\`e}me Congr{\`e}s de la Soci{\'e}t{\'e} de Biom{\'e}canique}},
	publisher    = {{Taylor \& Francis}},
	address      = {Grenoble, France},
	url          = {https://inria.hal.science/hal-04190087},
	keywords     = {Wrench polytopes ; Musculoskeletal modelling ; Rigid body dynamics, phd, hri},
	pdf          = {https://inria.hal.science/hal-04190087/file/SBM2023_paper.docx%20%2810%29.pdf},
	hal_id       = {hal-04190087},
	hal_version  = {v1}
}
@article{pycapacity,
    author = {\textbf{A. Skuric} and Padois, Vincent and Daney, David},
    doi = {10.21105/joss.05670},
    journal = {Journal of Open Source Software},
    month = sep,
    number = {89},
    pages = {5670},
    title = {{Pycapacity: An efficient task-space capacity calculation package for robotics and biomechanics}},
    url = {https://joss.theoj.org/papers/10.21105/joss.05670},
    volume = {8},
    year = {2023},
    keywords     = {phd, pycapacity}
}

@INPROCEEDINGS{Ghazaly2016,
  author={El-Ghazaly, Gamal and Gouttefarde, Marc and Creuze, Vincent and Pierrot, François},
  booktitle={2016 IEEE International Conference on Advanced Intelligent Mechatronics (AIM)}, 
  title={Maximum wrench feasible payload in cable-driven parallel robots equipped with a serial robot}, 
  year={2016},
  volume={},
  number={},
  pages={1572-1578},
  doi={10.1109/AIM.2016.7576994}
}